%
% Notes hosted only on CDS are listed as TECHREPORTs.
%

@article{1LepMVA,
      author         = "Chatrchyan, Serguei and others",
      title          = "Search for top-squark pair production in the
                        single-lepton final state in pp collisions at $\sqrt{s} = 8$ TeV",
      collaboration  = "CMS",
      journal        = "Eur. Phys. J. C",
      volume         = "73",
      pages          = "2677",
      doi            = "10.1140/epjc/s10052-013-2677-2",
      year           = "2013",
      eprint         = "1308.1586",
      archivePrefix  = "arXiv",
      primaryClass   = "hep-ex",
      reportNumber   = "CMS-SUS-13-011, CERN-PH-EP-2013-148"
}

@article{ATLAShiggs,
      author         = "Aad, Georges and others",
      title          = "{Observation of a new particle in the search for the
                        Standard Model Higgs boson with the ATLAS detector at the
                        LHC}",
      collaboration  = "ATLAS",
      journal        = "Phys. Lett. B",
      volume         = "716",
      pages          = "1",
      doi            = "10.1016/j.physletb.2012.08.020",
      year           = "2012",
      eprint         = "1207.7214",
      archivePrefix  = "arXiv",
      primaryClass   = "hep-ex",
      reportNumber   = "CERN-PH-EP-2012-218"
}

@article{Aad:2012naa,
      author         = "Aad, Georges and others",
      title          = "{Multi-channel search for squarks and gluinos in
                        $\sqrt{s} = 7$ TeV pp collisions with the ATLAS detector}",
      collaboration  = "ATLAS",
      journal        = "Eur. Phys. J. C",
      volume         = "73",
      pages          = "2362",
      doi            = "10.1140/epjc/s10052-013-2362-5",
      year           = "2013",
      eprint         = "1212.6149",
      archivePrefix  = "arXiv",
      primaryClass   = "hep-ex",
      reportNumber   = "CERN-PH-EP-2012-330"
}

@article{CMShiggs,
      author         = "Chatrchyan, Serguei and others",
      title          = "{Observation of a new boson at a mass of 125 GeV with the
                        CMS experiment at the LHC}",
      collaboration  = "CMS",
      journal        = "Phys. Lett. B",
      volume         = "716",
      pages          = "30",
      doi            = "10.1016/j.physletb.2012.08.021",
      year           = "2012",
      eprint         = "1207.7235",
      archivePrefix  = "arXiv",
      primaryClass   = "hep-ex",
      reportNumber   = "CMS-HIG-12-028, CERN-PH-EP-2012-220"
}

@article{CMShiggslong,
      author         = "Chatrchyan, Serguei and others",
      title          = "{Observation of a new boson with mass near 125 GeV in pp
                        collisions at $\sqrt{s}$ = 7 and 8 TeV}",
      collaboration  = "CMS",
      journal        = "JHEP",
      volume         = "06",
      pages          = "081",
      doi            = "10.1007/JHEP06(2013)081",
      year           = "2013",
      eprint         = "1303.4571",
      archivePrefix  = "arXiv",
      primaryClass   = "hep-ex",
      reportNumber   = "CMS-HIG-12-036, CERN-PH-EP-2013-035"
}


@Article{Wess,
      author         = "Wess, J. and Zumino, B.",
      title          = "{Supergauge transformations in four-dimensions}",
      journal        = "Nucl. Phys. B",
      volume         = "70",
      pages          = "39",
      doi            = "10.1016/0550-3213(74)90355-1",
      year           = "1974"
}

@article{Golfand,
      author         = "Gol'fand, Yu. A. and Likhtman, E. P.",
      title          = "Extension of the algebra of {P}oincare group generators
                        and violation of {P} invariance",
      journal        = "JETP Lett.",
      volume         = "13",
      pages          = "323",
      year           = "1971",
      url            = "http://www.jetpletters.ac.ru/ps/1584/article_24309.pdf"
}

@article{Volkov,
      author         = "Volkov, D. V. and Akulov, V. P.",
      title          = "{Possible universal neutrino interaction}",
      journal        = "JETP Lett.",
      volume         = "16",
      pages          = "438",
      year           = "1972",
      url            = "http://www.jetpletters.ac.ru/ps/1766/article_26864.pdf"
}


@article{Chamseddine,
      author         = "Chamseddine, Ali H. and Arnowitt, Richard L. and Nath,
                        Pran",
      title          = "{Locally supersymmetric grand unification}",
      journal        = "Phys. Rev. Lett.",
      volume         = "49",
      pages          = "970",
      doi            = "10.1103/PhysRevLett.49.970",
      year           = "1982"
}
@article{Kane,
      author         = "Kane, Gordon L. and Kolda, Christopher F. and Roszkowski,
                        Leszek and Wells, James D.",
      title          = "{Study of constrained minimal supersymmetry}",
      journal        = "Phys. Rev. D",
      volume         = "49",
      pages          = "6173",
      doi            = "10.1103/PhysRevD.49.6173",
      year           = "1994",
      eprint         = "hep-ph/9312272",
      archivePrefix  = "arXiv",
      primaryClass   = "hep-ph"
}

@article{Fayet,
      author         = "Fayet, Pierre",
      title          = "{Supergauge invariant extension of the Higgs mechanism and a model for the electron and its neutrino}",
      journal        = "Nucl. Phys. B",
      volume         = "90",
      pages          = "104",
      doi            = "10.1016/0550-3213(75)90636-7",
      year           = "1975"
}

@article{Barbieri,
      author         = "Barbieri, Riccardo and Ferrara, S. and Savoy, Carlos A.",
      title          = "{Gauge models with spontaneously broken local
                        supersymmetry}",
      journal        = "Phys. Lett. B",
      volume         = "119",
      pages          = "343",
      doi            = "10.1016/0370-2693(82)90685-2",
      year           = "1982"
}

@article{PhysRevLett.13.321,
  title = {Broken Symmetry and the Mass of Gauge Vector Mesons},
  author = {Englert, F. and Brout, R.},
  journal = {Phys. Rev. Lett.},
  volume = {13},
  issue = {9},
  pages = {321--323},
  numpages = {0},
  year = {1964},
  month = {Aug},
  publisher = {American Physical Society},
  doi = {10.1103/PhysRevLett.13.321},
  url = {http://link.aps.org/doi/10.1103/PhysRevLett.13.321}
}

@article{HIGGS1964132,
title = "Broken symmetries, massless particles and gauge fields",
journal = "Physics Letters",
volume = "12",
number = "2",
pages = "132 - 133",
year = "1964",
note = "",
issn = "0031-9163",
doi = "http://dx.doi.org/10.1016/0031-9163(64)91136-9",
url = "http://www.sciencedirect.com/science/article/pii/0031916364911369",
author = "P.W. Higgs",
abstract = ""
}

@article{PhysRevLett.13.508,
  title = {Broken Symmetries and the Masses of Gauge Bosons},
  author = {Higgs, Peter W.},
  journal = {Phys. Rev. Lett.},
  volume = {13},
  issue = {16},
  pages = {508--509},
  numpages = {0},
  year = {1964},
  month = {Oct},
  publisher = {American Physical Society},
  doi = {10.1103/PhysRevLett.13.508},
  url = {http://link.aps.org/doi/10.1103/PhysRevLett.13.508}
}

@article{PhysRevLett.13.585,
  title = {Global Conservation Laws and Massless Particles},
  author = {Guralnik, G. S. and Hagen, C. R. and Kibble, T. W. B.},
  journal = {Phys. Rev. Lett.},
  volume = {13},
  issue = {20},
  pages = {585--587},
  numpages = {0},
  year = {1964},
  month = {Nov},
  publisher = {American Physical Society},
  doi = {10.1103/PhysRevLett.13.585},
  url = {http://link.aps.org/doi/10.1103/PhysRevLett.13.585}
}

@article{PhysRev.145.1156,
  title = {Spontaneous Symmetry Breakdown without Massless Bosons},
  author = {Higgs, Peter W.},
  journal = {Phys. Rev.},
  volume = {145},
  issue = {4},
  pages = {1156--1163},
  numpages = {0},
  year = {1966},
  month = {May},
  publisher = {American Physical Society},
  doi = {10.1103/PhysRev.145.1156},
  url = {http://link.aps.org/doi/10.1103/PhysRev.145.1156}
}

@article{PhysRev.155.1554,
  title = {Symmetry Breaking in Non-Abelian Gauge Theories},
  author = {Kibble, T. W. B.},
  journal = {Phys. Rev.},
  volume = {155},
  issue = {5},
  pages = {1554--1561},
  numpages = {0},
  year = {1967},
  month = {Mar},
  publisher = {American Physical Society},
  doi = {10.1103/PhysRev.155.1554},
  url = {http://link.aps.org/doi/10.1103/PhysRev.155.1554}
}


@article{PhysRevLett.19.1264,
  title = {A Model of Leptons},
  author = {Weinberg, Steven},
  journal = {Phys. Rev. Lett.},
  volume = {19},
  issue = {21},
  pages = {1264--1266},
  numpages = {0},
  year = {1967},
  month = {Nov},
  publisher = {American Physical Society},
  doi = {10.1103/PhysRevLett.19.1264},
  url = {http://link.aps.org/doi/10.1103/PhysRevLett.19.1264}
}

@article{GLASHOW1961579,
title = "Partial-symmetries of weak interactions",
journal = "Nuclear Physics",
volume = "22",
number = "4",
pages = "579 - 588",
year = "1961",
note = "",
issn = "0029-5582",
doi = "http://dx.doi.org/10.1016/0029-5582(61)90469-2",
url = "http://www.sciencedirect.com/science/article/pii/0029558261904692",
author = "Sheldon L. Glashow",
abstract = "Weak and electromagnetic interactions of the leptons are examined under the hypothesis that the weak interactions are mediated by vector bosons. With only an isotopic triplet of leptons coupled to a triplet of vector bosons (two charged decay-intermediaries and the photon) the theory possesses no partial-symmetries. Such symmetries may be established if additional vector bosons or additional leptons are introduced. Since the latter possibility yields a theory disagreeing with experiment, the simplest partially-symmetric model reproducing the observed electromagnetic and weak interactions of leptons requires the existence of at least four vector-boson fields (including the photon). Corresponding partially-conserved quantities suggest leptonic analogues to the conserved quantities associated with strong interactions: strangeness and isobaric spin."
}

@article{Salam:1968rm,
      author         = "Salam, Abdus",
      title          = "{Weak and Electromagnetic Interactions}",
      booktitle      = "{8th Nobel Symposium Lerum, Sweden, May 19-25, 1968}",
      journal        = "Conf. Proc.",
      volume         = "C680519",
      year           = "1968",
      pages          = "367-377",
      SLACcitation   = "%%CITATION = CONFP,C680519,367;%%"
}

@Article{Hall,
     author    = "Hall, Lawrence J. and Lykken, Joseph D. and Weinberg, Steven",
     title     = "{Supergravity as the messenger of supersymmetry breaking}",
     journal   = "Phys. Rev. D",
     volume    = "27",
     year      = "1983",
     pages     = "2359",
     doi       = "10.1103/PhysRevD.27.2359"
}
@Article{Ramond,
     author    = "Ramond, Pierre",
     title     = "{Dual theory for free fermions}",
     journal   = "Phys. Rev. D",
     volume    = "3",
     year      = "1971",
     pages     = "2415",
     doi       = "10.1103/PhysRevD.3.2415"
}

% papucci missing ref
@article{Mahbubani:2012qq,
      author         = "Mahbubani, Rakhi and Papucci, Michele and Perez, Gilad
                        and Ruderman, Joshua T. and Weiler, Andreas",
      title          = "{Light nondegenerate squarks at the LHC}",
      journal        = "Phys. Rev. Lett.",
      number         = "15",
      volume         = "110",
      pages          = "151804",
      doi            = "10.1103/PhysRevLett.110.151804",
      year           = "2013",
      eprint         = "1212.3328",
      archivePrefix  = "arXiv",
      primaryClass   = "hep-ph",
      reportNumber   = "CERN-PH-TH-2012-320, DESY-12-231"
}

@article{naturalSUSY,
      author         = "Papucci, Michele and Ruderman, Joshua T. and Weiler,
                        Andreas",
      title          = "{Natural SUSY Endures}",
      journal        = "JHEP",
      volume         = "09",
      pages          = "035",
      doi            = "10.1007/JHEP09(2012)035",
      year           = "2012",
      eprint         = "1110.6926",
      archivePrefix  = "arXiv",
      primaryClass   = "hep-ph",
      reportNumber   = "DESY-11-193, CERN-PH-TH-265"
}

% stopPapers (strumia et al. + ref there.
@article{Yu:2012kj,
      author         = "Yu, Zhao-Huan and Bi, Xiao-Jun and Yan, Qi-Shu and Yin,
                        Peng-Fei",
      title          = "{Detecting light stop pairs in coannihilation scenarios
                        at the LHC}",
      journal        = "Phys. Rev. D",
      volume         = "87",
      pages          = "055007",
      doi            = "10.1103/PhysRevD.87.055007",
      year           = "2013",
      eprint         = "1211.2997",
      archivePrefix  = "arXiv",
      primaryClass   = "hep-ph"
}

@article{Krizka:2012ah,
      author         = "Krizka, Karol and Kumar, Abhishek and Morrissey, David
                        E.",
      title          = "{Very light scalar top quarks at the LHC}",
      journal        = "Phys. Rev. D",
      volume         = "87",
      pages          = "095016",
      doi            = "10.1103/PhysRevD.87.095016",
      year           = "2013",
      eprint         = "1212.4856",
      archivePrefix  = "arXiv",
      primaryClass   = "hep-ph"
}

@article{Aad:2012fqa,
      author         = "Aad, Georges and others",
      title          = "{Search for squarks and gluinos with the ATLAS detector
                        in final states with jets and missing transverse momentum
                        using 4.7 fb$^{-1}$ of $\sqrt{s} = 7$ TeV proton-proton
                        collision data}",
      collaboration  = "ATLAS",
      journal        = "Phys. Rev. D",
      volume         = "87",
      pages          = "012008",
      doi            = "10.1103/PhysRevD.87.012008",
      year           = "2013",
      eprint         = "1208.0949",
      archivePrefix  = "arXiv",
      primaryClass   = "hep-ex",
      reportNumber   = "CERN-PH-EP-2012-195"
}

@article{Aad:2012pq,
      author         = "Aad, Georges and others",
      title          = "{Search for top and bottom squarks from gluino pair
                        production in final states with missing transverse energy
                        and at least three b-jets with the ATLAS detector}",
      collaboration  = "ATLAS",
      journal        = "Eur. Phys. J. C",
      volume         = "72",
      pages          = "2174",
      doi            = "10.1140/epjc/s10052-012-2174-z",
      year           = "2012",
      eprint         = "1207.4686",
      archivePrefix  = "arXiv",
      primaryClass   = "hep-ex",
      reportNumber   = "CERN-PH-EP-2012-194"
}

@article{Delgado:2012eu,
      author         = "Delgado, Antonio and Giudice, Gian F. and Isidori, Gino
                        and Pierini, Maurizio and Strumia, Alessandro",
      title          = "{The light stop window}",
      journal        = "Eur. Phys. J. C",
      volume         = "73",
      pages          = "2370",
      doi            = "10.1140/epjc/s10052-013-2370-5",
      year           = "2013",
      eprint         = "1212.6847",
      archivePrefix  = "arXiv",
      primaryClass   = "hep-ph"
}

%sbottom paper. Any???
@article{Alvarez:2012wf,
      author         = "Alvarez, Ezequiel and Bai, Yang",
      title          = "{Reach the bottom line of the sbottom search}",
      journal        = "JHEP",
      volume         = "08",
      pages          = "003",
      doi            = "10.1007/JHEP08(2012)003",
      year           = "2012",
      eprint         = "1204.5182",
      archivePrefix  = "arXiv",
      primaryClass   = "hep-ph",
      reportNumber   = "SLAC-PUB-15024"
}

@article{Lee:2012sy,
      author         = "Lee, Hyun Min and Sanz, Veronica and Trott, Michael",
      title          = "{Hitting sbottom in natural SUSY}",
      journal        = "JHEP",
      volume         = "05",
      pages          = "139",
      doi            = "10.1007/JHEP05(2012)139",
      year           = "2012",
      eprint         = "1204.0802",
      archivePrefix  = "arXiv",
      primaryClass   = "hep-ph",
      reportNumber   = "CERN_PH_TH-2012-083"
}

% stop 7 TeV
@article{Aad:2012uu,
      author         = "Aad, Georges and others",
      title          = "{Search for a heavy top-quark partner in final states
                        with two leptons with the ATLAS detector at the LHC}",
      collaboration  = "ATLAS",
      journal        = "JHEP",
      volume         = "11",
      pages          = "094",
      doi            = "10.1007/JHEP11(2012)094",
      year           = "2012",
      eprint         = "1209.4186",
      archivePrefix  = "arXiv",
      primaryClass   = "hep-ex",
      reportNumber   = "CERN-PH-EP-2012-199"
}
@article{Aad:2012yr,
      author         = "Aad, Georges and others",
      title          = "{Search for light top squark pair production in final
                        states with leptons and b-jets with the ATLAS detector
                        in $\sqrt{s} = 7$ TeV proton-proton collisions}",
      collaboration  = "ATLAS",
      journal        = "Phys. Lett. B",
      volume         = "720",
      pages          = "13",
      doi            = "10.1016/j.physletb.2013.01.049",
      year           = "2013",
      eprint         = "1209.2102",
      archivePrefix  = "arXiv",
      primaryClass   = "hep-ex",
      reportNumber   = "CERN-PH-EP-2012-207"
}
@article{Aad:2012tx,
      author         = "Aad, Georges and others",
      title          = "{Search for light scalar top quark pair
                  production in final states with two leptons with the
                  ATLAS detector in $\sqrt{s} = 7$ TeV proton-proton
                  collisions}",
      collaboration  = "ATLAS",
      journal        = "Eur. Phys. J. C",
      volume         = "72",
      pages          = "2237",
      doi            = "10.1140/epjc/s10052-012-2237-1",
      year           = "2012",
      eprint         = "1208.4305",
      archivePrefix  = "arXiv",
      primaryClass   = "hep-ex",
      reportNumber   = "CERN-PH-EP-2012-211"
}
@article{Aad:2012xqa,
      author         = "Aad, Georges and others",
      title          = "{Search for direct top squark pair production in final
                        states with one isolated lepton, jets, and missing
                        transverse momentum in $\sqrt{s} = 7$ TeV pp collisions
                        using 4.7 fb$^{-1}$ of ATLAS data}",
      collaboration  = "ATLAS",
      journal        = "Phys. Rev. Lett.",
      volume         = "109",
      pages          = "211803",
      doi            = "10.1103/PhysRevLett.109.211803",
      year           = "2012",
      eprint         = "1208.2590",
      archivePrefix  = "arXiv",
      primaryClass   = "hep-ex",
      reportNumber   = "CERN-PH-EP-2012-200"
}
@article{Aad:2012ywa,
      author         = "Aad, Georges and others",
      title          = "{Search for a supersymmetric partner to the top quark in
                        final states with jets and missing transverse momentum at
                        $\sqrt{s} = 7$ TeV with the ATLAS detector}",
      collaboration  = "ATLAS",
      journal        = "Phys. Rev. Lett.",
      volume         = "109",
      pages          = "211802",
      doi            = "10.1103/PhysRevLett.109.211802",
      year           = "2012",
      eprint         = "1208.1447",
      archivePrefix  = "arXiv",
      primaryClass   = "hep-ex",
      reportNumber   = "CERN-PH-EP-2012-201"
}
%NLO+NLL
@ARTICLE{NLONLL1,
   author = {{Beenakker}, W. and {H{\"o}pker}, R. and {Spira}, M. and {Zerwas}, P. M.},
    title = "{Squark and gluino production at hadron colliders}",
    journal        = "Nucl. Phys. B",
      volume         = "492",
      pages          = "51",
      doi            = "10.1016/S0550-3213(97)80027-2",
      year           = "1997",
      eprint         = "hep-ph/9610490",
      archivePrefix  = "arXiv",
      primaryClass   = "hep-ph",
      reportNumber   = "DESY-96-150, CERN-TH-96-215"
}

@article{NLONLL2,
      author         = "Kulesza, A. and Motyka, L.",
      title          = "Threshold Resummation for Squark-Antisquark and
                        Gluino-Pair Production at the {LHC}",
      journal        = "Phys. Rev. Lett.",
      volume         = "102",
      pages          = "111802",
      doi            = "10.1103/PhysRevLett.102.111802",
      year           = "2009",
      eprint         = "0807.2405",
      archivePrefix  = "arXiv",
      primaryClass   = "hep-ph",
      reportNumber   = "DESY-08-096"
}

@article{NLONLL3,
      author         = "Kulesza, A. and Motyka, L.",
      title          = "{Soft gluon resummation for the production of
                        gluino-gluino and squark-antisquark pairs at the LHC}",
      journal        = "Phys. Rev. D",
      volume         = "80",
      pages          = "095004",
      doi            = "10.1103/PhysRevD.80.095004",
      year           = "2009",
      eprint         = "0905.4749",
      archivePrefix  = "arXiv",
      primaryClass   = "hep-ph",
      reportNumber   = "DESY-09-078, PITHA-09-11"
}

@ARTICLE{NLONLL4,
   author = {{Beenakker}, W. and {Brensing}, S. and {Kr{\"a}mer}, M. and
	{Kulesza}, A. and {Laenen}, E. and {Niessen}, I.},
      title          = "{Soft-gluon resummation for squark and gluino
                        hadroproduction}",
      journal        = "JHEP",
      volume         = "12",
      pages          = "041",
      doi            = "10.1088/1126-6708/2009/12/041",
      year           = "2009",
      eprint         = "0909.4418",
      archivePrefix  = "arXiv",
      primaryClass   = "hep-ph",
      reportNumber   = "ITP-UU-09-33, NIKHEF-2009-015"
}
@ARTICLE{NLONLL5,
   author = {{Beenakker}, W. and {Brensing}, S. and {Kr{\"a}mer}, M. and
	{Kulesza}, A. and {Laenen}, E. and {Motyka}, L. and {Niessen}, I.
	},
      title          = "{Squark and gluino hadroproduction}",
      journal        = "Int. J. Mod. Phys. A",
      volume         = "26",
      pages          = "2637",
      doi            = "10.1142/S0217751X11053560",
      year           = "2011",
      eprint         = "1105.1110",
      archivePrefix  = "arXiv",
      primaryClass   = "hep-ph",
      reportNumber   = "DESY-11-060, ITFA-11-09, ITP-UU-11-13, NIKHEF-2011-011,
                        TTK-11-12"
}

@UNPUBLISHED{NLONLLerr,
      author = {{Kr{\"a}mer}, M. and {Kulesza}, A. and {van der Leeuw}, R. and
   	{Mangano}, M. and {Padhi}, S. and {Plehn}, T. and {Portell}, X.},
      title          = "{Supersymmetry production cross sections in pp
                        collisions at $\sqrt{s} = 7$ TeV}",
      year           = "2012",
      eprint         = "1206.2892",
      archivePrefix  = "arXiv",
      primaryClass   = "hep-ph",
      reportNumber   = "CERN-PH-TH-2012-163"
}


% razor
@UNPUBLISHED{rogan,
	author = "C. Rogan",
	title = "Kinematics for new dynamics at the LHC",
	year="2010",
	archivePrefix="arXiv",
	eprint="1006.2727"
}

@Article{razor2010,
     author         = "Chatrchyan, Serguei and others",
      title          = "Inclusive search for squarks and gluinos in pp
                        collisions at $\sqrt{s} = 7$ {TeV}",
      collaboration  = "CMS",
      journal        = "Phys. Rev. D",
      volume         = "85",
      pages          = "012004",
      doi            = "10.1103/PhysRevD.85.012004",
      year           = "2012",
      eprint         = "1107.1279",
      archivePrefix  = "arXiv",
      primaryClass   = "hep-ex",
      reportNumber   = "CERN-PH-EP-2011-099"
}
@Article{JME-JINST,
      COLLABORATION = "CMS",
      TITLE       = "Determination of jet energy calibration and transverse momentum resolution in {CMS}",
      AUTHOR      = "Chatrchyan, Serguei and others",
      JOURNAL     = "JINST",
      VOLUME      = "6",
      PAGES       = "P11002",
      DOI         = "10.1088/1748-0221/6/11/P11002",
      YEAR        = "2011"
}

% razorPRL
@article{razorPRL,
  author         = "Chatrchyan, Serguei and others",
      title          = "Inclusive Search for Supersymmetry Using Razor
                        Variables in pp Collisions at $\sqrt{s} = 7$ {TeV}",
      collaboration  = "CMS",
      journal        = "Phys. Rev. Lett.",
      volume         = "111",
      pages          = "081802",
      doi            = "10.1103/PhysRevLett.111.081802",
      year           = "2013",
      eprint         = "1212.6961",
      archivePrefix  = "arXiv",
      primaryClass   = "hep-ex",
      reportNumber   = "CMS-SUS-11-024, CERN-PH-EP-2012-332"
}

@article{SUS-11-016,
      author         = "Chatrchyan, Serguei and others",
      title          = "{Interpretation of Searches for Supersymmetry with
                        Simplified Models}",
      collaboration  = "CMS",
      journal        = "Phys. Rev. D",
      volume         = "88",
      pages          = "052017",
      doi            = "10.1103/PhysRevD.88.052017",
      year           = "2013",
      eprint         = "1301.2175",
      archivePrefix  = "arXiv",
      primaryClass   = "hep-ex",
      reportNumber   = "CMS-SUS-11-016, CERN-PH-EP-2012-351"
}


@article{razorPRD,
      author         = "Chatrchyan, Serguei and others",
      title          = "{Search for supersymmetry with razor variables in pp
                        collisions at $\sqrt{s}$ = 7 TeV}",
      collaboration  = "CMS",
      journal        = "Phys. Rev. D",
      number         = "11",
      volume         = "90",
      pages          = "112001",
      doi            = "10.1103/PhysRevD.90.112001",
      year           = "2014",
      eprint         = "1405.3961",
      archivePrefix  = "arXiv",
      primaryClass   = "hep-ex",
      reportNumber   = "CMS-SUS-12-005, CERN-PH-EP-2014-057",
      SLACcitation   = "%%CITATION = ARXIV:1405.3961;%%",
      }

% naturalInclusive7TeV
@article{Chatrchyan:2012sca,
      author         = "Chatrchyan, Serguei and others",
      title          = "{Search for supersymmetry in final states with a single
                        lepton, b-quark jets, and missing transverse energy in
                        proton-proton collisions at $\sqrt{s} = 7$ TeV}",
      collaboration  = "CMS",
      journal        = "Phys. Rev. D",
      volume         = "87",
      pages          = "052006",
      doi            = "10.1103/PhysRevD.87.052006",
      year           = "2013",
      eprint         = "1211.3143",
      archivePrefix  = "arXiv",
      primaryClass   = "hep-ex",
      reportNumber   = "CMS-SUS-11-028, CERN-PH-EP-2012-316"
}

@article{Chatrchyan:2012wa,
      author         = "Chatrchyan, Serguei and others",
      title          = "{Search for supersymmetry in final states with missing
                        transverse energy and 0, 1, 2, or at least 3 b-quark jets
                        in 7 TeV pp collisions using the variable alphaT}",
      collaboration  = "CMS",
      journal        = "JHEP",
      volume         = "01",
      pages          = "077",
      doi            = "10.1007/JHEP01(2013)077",
      year           = "2013",
      eprint         = "1210.8115",
      archivePrefix  = "arXiv",
      primaryClass   = "hep-ex",
      reportNumber   = "CMS-SUS-11-022, CERN-PH-EP-2012-290"
}
@article{Chatrchyan:2012rg,
      author         = "Chatrchyan, Serguei and others",
      title          = "{Search for supersymmetry in events with b-quark jets and
                        missing transverse energy in pp collisions at 7 TeV}",
      collaboration  = "CMS",
      journal        = "Phys. Rev. D",
      volume         = "86",
      pages          = "072010",
      doi            = "10.1103/PhysRevD.86.072010",
      year           = "2012",
      eprint         = "1208.4859",
      archivePrefix  = "arXiv",
      primaryClass   = "hep-ex",
      reportNumber   = "CMS-SUS-12-003, CERN-PH-EP-2012-240"
}
@article{Chatrchyan:2012jx,
      author         = "Chatrchyan, Serguei and others",
      title          = "{Search for supersymmetry in hadronic final states using
                        MT2 in pp collisions at $\sqrt{s} = 7$ TeV}",
      collaboration  = "CMS",
      journal        = "JHEP",
      volume         = "10",
      pages          = "018",
      doi            = "10.1007/JHEP10(2012)018",
      year           = "2012",
      eprint         = "1207.1798",
      archivePrefix  = "arXiv",
      primaryClass   = "hep-ex",
      reportNumber   = "CMS-SUS-12-002, CERN-PH-EP-2012-058"
}

@article{Chatrchyan:2012sa,
      author         = "Chatrchyan, Serguei and others",
      title          = "Search for new physics in events with same-sign
                        dileptons and b-tagged jets in pp collisions at
                        $\sqrt{s} = 7$ {TeV}",
      collaboration  = "CMS",
      journal        = "JHEP",
      volume         = "08",
      pages          = "110",
      doi            = "10.1007/JHEP08(2012)110",
      year           = "2012",
      eprint         = "1205.3933",
      archivePrefix  = "arXiv",
      primaryClass   = "hep-ex",
      reportNumber   = "CMS-SUS-11-020, CERN-PH-EP-2012-127"
}

% naturalInclusive8TeV
@article{Chatrchyan:2013lya,
     author         = "Chatrchyan, Serguei and others",
      title          = "{Search for supersymmetry in hadronic final states with
                        missing transverse energy using the variables AlphaT and
                        b-quark multiplicity in pp collisions at 8 TeV}",
      collaboration  = "CMS",
      journal        = "Eur. Phys. J. C",
      volume         = "73",
      pages          = "2568",
      doi            = "10.1140/epjc/s10052-013-2568-6",
      year           = "2013",
      eprint         = "1303.2985",
      archivePrefix  = "arXiv",
      primaryClass   = "hep-ex",
      reportNumber   = "CMS-SUS-12-028, CERN-PH-EP-2013-037"
}
@article{Chatrchyan:2012paa,
      author         = "Chatrchyan, Serguei and others",
      title          = "{Search for new physics in events with
                  same-sign dileptons and b jets in pp collisions at
                  $\sqrt{s} = 8$ TeV}",
      collaboration  = "CMS",
      journal        = "JHEP",
      volume         = "03",
      pages          = "037",
      doi            = "10.1007/JHEP03(2013)037",
      year           = "2013",
      eprint         = "1212.6194",
      archivePrefix  = "arXiv",
      primaryClass   = "hep-ex",
      reportNumber   = "CMS-SUS-12-017, CERN-PH-EP-2012-361"
}

@article{Alwall-2,
      author         = "Alwall, Johan and Le, My Phuong and Lisanti, Mariangela
                        and Wacker, Jay G.",
      title          = "{Searching for gluinos at the Tevatron and beyond}",
      journal        = "Int. J. Mod. Phys. A",
      volume         = "23",
      pages          = "4637",
      doi            = "10.1142/S0217751X0804281X",
      year           = "2008",
      reportNumber   = "SLAC-REPRINT-2011-076"
}

% CMS detector: Adolphi:2008zzk

@ARTICLE{Adolphi:2008zzk,
      author         = "Chatrchyan, S. and others",
      title          = "{The CMS experiment at the CERN LHC}",
      collaboration  = "CMS",
      journal        = "JINST",
      volume         = "3",
      pages          = "S08004",
      doi            = "10.1088/1748-0221/3/08/S08004",
      year           = "2008",
      SLACcitation   = "%%CITATION = JINST,3,S08004;%%",
}
% antikt

@ARTICLE{antikt,
      author         = "Cacciari, Matteo and Salam, Gavin P. and Soyez, Gregory",
      title          = "{The anti-k$_{\mathrm T}$ jet clustering algorithm}",
      journal        = "JHEP",
      volume         = "04",
      pages          = "063",
      doi            = "10.1088/1126-6708/2008/04/063",
      year           = "2008",
      eprint         = "0802.1189",
      archivePrefix  = "arXiv",
      primaryClass   = "hep-ph",
      reportNumber   = "LPTHE-07-03",
}

%PF
@Techreport{PF1,
      AUTHOR      = "{CMS Collaboration}",
      COLLABORATION = "{CMS}",
      TITLE       = {Particle--flow event reconstruction in {CMS} and performance for jets, taus, and {\MET}},
      URL         = "http://cdsweb.cern.ch/record/1194487",
      TYPE        = "CMS Physics Analysis Summary",
      NUMBER      = "CMS-PAS-PFT-09-001",
      YEAR        = "2009"
}

@Techreport{PF2,
      AUTHOR      = "{CMS Collaboration}",
      COLLABORATION = "{CMS}",
      TITLE       = {Commissioning of the particle-flow event
                  reconstruction with the first {LHC} collisions
                  recorded in the {CMS} detector},
      URL         = "http://cdsweb.cern.ch/record/1247373",
      TYPE        = "CMS Physics Analysis Summary",
      NUMBER      = "CMS-PAS-PFT-10-011",
      YEAR        = "2010"
}

% btag
@article{btag7TeV,
      author         = "Chatrchyan, Serguei and others",
      title          = "{Identification of b-quark jets with the CMS experiment}",
      collaboration  = "CMS",
      journal        = "JINST",
      volume         = "8",
      pages          = "P04013",
      doi            = "10.1088/1748-0221/8/04/P04013",
      year           = "2013",
      eprint         = "1211.4462",
      archivePrefix  = "arXiv",
      primaryClass   = "hep-ex",
      reportNumber   = "CMS-BTV-12-001, CERN-PH-EP-2012-262"
}

@Techreport{btag8TeV,
      AUTHOR      = "{CMS Collaboration}",
      COLLABORATION = "{CMS}",
      TITLE       = "{Performance of $\cPqb$ tagging at $\sqrt{s}=8\TeV$ in multijet,
                    $\ttbar$ and boosted topology events}",
      URL         = "http://cds.cern.ch/record/1581306",
      TYPE        = "CMS Physics Analysis Summary",
      NUMBER      = "CMS-PAS-BTV-13-001",
      YEAR        = "2013"
}


@article{FastSim,
       author       = "Abdullin, Salavat and Azzi, Patrizia and
                       Beaudette, Florian and Janot, Patrick and Perrotta, Andrea",
      title          = "The fast simulation of the {CMS} detector at {LHC}",
      collaboration  = "CMS",
      journal        = "J. Phys.: Conf. Ser.",
      volume         = "331",
      pages          = "032049",
      year           = "2011",
      doi            = "10.1088/1742-6596/331/3/032049",
      SLACcitation   = "%%CITATION = 00462,331,032049;%%",
}

@article{fastjet,
      author         = "Cacciari, Matteo and Salam, Gavin P. and Soyez, Gregory",
      title          = "{FastJet} user manual",
      journal        = "Eur. Phys. J. C",
      volume         = "72",
      pages          = "1896",
      doi            = "10.1140/epjc/s10052-012-1896-2",
      year           = "2012",
      eprint         = "1111.6097",
      archivePrefix  = "arXiv",
      primaryClass   = "hep-ph",
      reportNumber   = "CERN-PH-TH-2011-297"
}
% FASTJETenergydensity
@Article{jetarea_fastjet_pu,
     author         = "Cacciari, Matteo and Salam, Gavin P.",
      title          = "{Pileup subtraction using jet areas}",
      journal        = "Phys. Lett. B",
      volume         = "659",
      pages          = "119",
      doi            = "10.1016/j.physletb.2007.09.077",
      year           = "2008",
      eprint         = "0707.1378",
      archivePrefix  = "arXiv",
      primaryClass   = "hep-ph",
      reportNumber   = "LPTHE-07-01"
}

@Article{jetarea_fastjet,
     author         = "Cacciari, Matteo and Salam, Gavin P. and Soyez, Gregory",
      title          = "{The catchment area of jets}",
      journal        = "JHEP",
      volume         = "04",
      pages          = "005",
      doi            = "10.1088/1126-6708/2008/04/005",
      year           = "2008",
      eprint         = "0802.1188",
      archivePrefix  = "arXiv",
      primaryClass   = "hep-ph",
      reportNumber   = "LPTHE-07-02"
}


@article{SUS12024,
      author         = "Chatrchyan, Serguei and others",
      title          = "{Search for gluino mediated bottom- and top-squark
                        production in multijet final states in pp collisions at 8
                        TeV}",
      collaboration  = "CMS",
      journal        = "Phys. Lett. B",
      volume         = "725",
      pages          = "243",
      doi            = "10.1016/j.physletb.2013.06.058",
      year           = "2013",
      eprint         = "1305.2390",
      archivePrefix  = "arXiv",
      primaryClass   = "hep-ex",
      reportNumber   = "CMS-SUS-12-024, CERN-PH-EP-2013-076",
      SLACcitation   = "%%CITATION = ARXIV:1305.2390;%%",
}
@article{deCarlos:1993yy,
      author         = "de Carlos, B. and Casas, J. A.",
      title          = "One loop analysis of the electroweak breaking in
                        supersymmetric models and the fine tuning problem",
      journal        = "Phys. Lett. B",
      volume         = "309",
      pages          = "320",
      doi            = "10.1016/0370-2693(93)90940-J",
      year           = "1993",
      eprint         = "hep-ph/9303291",
      archivePrefix  = "arXiv",
      primaryClass   = "hep-ph",
      reportNumber   = "CERN-TH-6835-93, IEM-FT-70-93",
      SLACcitation   = "%%CITATION = HEP-PH/9303291;%%",
}
@article{Strumia:2011dv,
      author         = "Strumia, Alessandro",
      title          = "{The Fine-tuning price of the early LHC}",
      journal        = "JHEP",
      volume         = "04",
      pages          = "073",
      doi            = "10.1007/JHEP04(2011)073",
      year           = "2011",
      eprint         = "1101.2195",
      archivePrefix  = "arXiv",
      primaryClass   = "hep-ph",
      reportNumber   = "IFUP-TH-2011-1",
      SLACcitation   = "%%CITATION = ARXIV:1101.2195;%%",
}

@article{Kane:1998im,
      author         = "Kane, Gordon L. and King, S.F.",
      title          = "{Naturalness implications of LEP results}",
      journal        = "Phys. Lett. B",
      volume         = "451",
      pages          = "113",
      doi            = "10.1016/S0370-2693(99)00190-2",
      year           = "1999",
      eprint         = "hep-ph/9810374",
      archivePrefix  = "arXiv",
      primaryClass   = "hep-ph",
      reportNumber   = "SHEP-98-13",
      SLACcitation   = "%%CITATION = HEP-PH/9810374;%%",
}

@article{Kitano:2005wc,
      author         = "Kitano, Ryuichiro and Nomura, Yasunori",
      title          = "{A Solution to the supersymmetric fine-tuning problem
                        within the MSSM}",
      journal        = "Phys. Lett. B",
      volume         = "631",
      pages          = "58",
      doi            = "10.1016/j.physletb.2005.10.003",
      year           = "2005",
      eprint         = "hep-ph/0509039",
      archivePrefix  = "arXiv",
      primaryClass   = "hep-ph",
      reportNumber   = "SLAC-PUB-11462, UCB-PTH-05-24, LBNL-58773",
      SLACcitation   = "%%CITATION = HEP-PH/0509039;%%",
}

@article{Asano:2010ut,
      author         = "Asano, Masaki and Kim, Hyung Do and Kitano, Ryuichiro and
                        Shimizu, Yasuhiro",
      title          = "Natural supersymmetry at the {LHC}",
      journal        = "JHEP",
      volume         = "12",
      pages          = "019",
      doi            = "10.1007/JHEP12(2010)019",
      year           = "2010",
      eprint         = "1010.0692",
      archivePrefix  = "arXiv",
      primaryClass   = "hep-ph",
      reportNumber   = "TU-873",
      SLACcitation   = "%%CITATION = ARXIV:1010.0692;%%",
}

@article{Anderson:1994dz,
      author         = "Anderson, Greg W. and Castano, Diego J.",
      title          = "{Measures of fine tuning}",
      journal        = "Phys. Lett. B",
      volume         = "347",
      pages          = "300",
      doi            = "10.1016/0370-2693(95)00051-L",
      year           = "1995",
      eprint         = "hep-ph/9409419",
      archivePrefix  = "arXiv",
      primaryClass   = "hep-ph",
      reportNumber   = "MIT-CTP-2350",
      SLACcitation   = "%%CITATION = HEP-PH/9409419;%%",
}
% madgraph5
@article{Alwall:2011uj,
      author         = "Alwall, Johan and Herquet, Michel and Maltoni, Fabio and
                        Mattelaer, Olivier and Stelzer, Tim",
      title          = "{MadGraph5: going beyond}",
      journal        = "JHEP",
      volume         = "06",
      pages          = "128",
      doi            = "10.1007/JHEP06(2011)128",
      year           = "2011",
      eprint         = "1106.0522",
      archivePrefix  = "arXiv",
      primaryClass   = "hep-ph",
      reportNumber   = "FERMILAB-PUB-11-448-T"
}

% pythia: Sjostrand:2006za
@article{Sjostrand:2006za,
  author = {Sj{\"o}strand, Torbjorn and Mrenna, Stephen and Skands, Peters},
   title          = "{PYTHIA 6.4 physics and manual}",
      journal        = "JHEP",
      volume         = "05",
      pages          = "026",
      doi            = "10.1088/1126-6708/2006/05/026",
      year           = "2006",
      eprint         = "hep-ph/0603175",
      archivePrefix  = "arXiv",
      primaryClass   = "hep-ph",
      reportNumber   = "FERMILAB-PUB-06-052-CD-T, LU-TP-06-13"
}

% mlm
@unpublished{Hoche:2006ph,
      author         = "H{\"o}che, Stefan and Krauss, Frank and Lavesson, Nils and
                        L{\"o}nnblad, Leif and Mangano, Michelangelo and Schumann, Steffen",
      title          = "Matching parton showers and matrix elements",
      year           = "2006",
      eprint         = "hep-ph/0602031",
      archivePrefix  = "arXiv",
      primaryClass   = "hep-ph"
}

% G4
@Article{G4,
     author    = "Agostinelli, S. and others",
 collaboration = "GEANT4",
     title     = "{GEANT4}---a simulation toolkit",
     journal   = "Nucl. Instrum. Meth. A",
     volume    = "506",
     year      = "2003",
     pages     = "250",
     doi       = "10.1016/S0168-9002(03)01368-8"
}

% ROOFIT Numeric Integration
@book{Press:1992:NRC:148286,
 author = {Press, William H. and Teukolsky, Saul A. and Vetterling, William T. and Flannery, Brian P.},
 title = {Numerical Recipes in C (2Nd Ed.): The Art of Scientific Computing},
 year = {1992},
 isbn = {0-521-43108-5},
 publisher = {Cambridge University Press},
 address = {New York, NY, USA},
} 

@InProceedings{Anderson:2007,
author = "Jake Anderson",
title = "Integration and Convolution",
booktitle = "2007 BaBar RooFit Workshop",
year = "2007",
url = "https://www.slac.stanford.edu/BFROOT/www/doc/Workshops/2007/BaBar_RooFit/talks/jake.pdf",
note = "https://www.slac.stanford.edu/BFROOT/www/doc/Workshops/2007/BaBar\_RooFit/talks/jake.pdf"
}

% ROOFIT
@InProceedings{Verkerke:2003ir,
      author         = "Verkerke, Wouter and Kirkby, David P.",
      title          = "{The RooFit toolkit for data modeling}",
      booktitle      = "2003 Computing in High Energy and Nuclear Physics (CHEP03)",
      pages          = "186",
      year           = "2003",
      eprint         = "physics/0306116",
      archivePrefix  = "arXiv",
      primaryClass   = "physics",
      reportNumber   = "CHEP-2003-MOLT007",
      note           = "eConf C0303241 (2003) MOLT007"
}

% LHCCLS
@techreport{LHCCLs,
      AUTHOR = "{ATLAS and CMS Collaborations}",
      COLLABORATIONS = "ATLAS and CMS",
      TITLE        = "{Procedure for the LHC Higgs boson search combination
                       in Summer 2011}",
      TYPE       = "CMS Note/ATLAS Pub",
      NUMBER       = "CMS-NOTE-2011-005, ATL-PHYS-PUB-2011-11",
      YEAR         = "2011",
      URL          = "http://cdsweb.cern.ch/record/1379837"
}

@article{Alwall:2014hca,
      author         = "Alwall, J. and Frederix, R. and Frixione, S. and Hirschi,
                        V. and Maltoni, F. and Mattelaer, O. and Shao, H.-S. and Stelzer, T. and Torielli, P.
                        and Zaro, M.",
      title          = "The automated computation of tree-level and
                        next-to-leading order differential cross sections, and
                        their matching to parton shower simulations",
      journal        = "JHEP",
      volume         = "07",
      pages          = "079",
      doi            = "10.1007/JHEP07(2014)079",
      year           = "2014",
      eprint         = "1405.0301",
      archivePrefix  = "arXiv",
      primaryClass   = "hep-ph",
      reportNumber   = "CERN-PH-TH-2014-064, CP3-14-18, LPN14-066, MCNET-14-09,
                        ZU-TH-14-14",
      SLACcitation   = "%%CITATION = ARXIV:1405.0301;%%",
}

% PDFERROR

@unpublished{Alekhin:2011sk,
      author         = "Alekhin, Sergey and others",
      title          = "{The PDF4LHC Working Group Interim Report}",
      year           = "2011",
      eprint         = "1101.0536",
      archivePrefix  = "arXiv",
      primaryClass   = "hep-ph",
      SLACcitation   = "%%CITATION = ARXIV:1101.0536;%%",
}
@unpublished{Bourilkov:2006cj,
      author         = "Bourilkov, D and Group, R C and Whalley, M R",
      title          = "{LHAPDF: PDF use from the Tevatron to the LHC}",
      year           = "2006",
      eprint         = "hep-ph/0605240",
      archivePrefix  = "arXiv",
      primaryClass   = "hep-ph"
}
@unpublished{Botje:2011sn,
      author         = "Botje, Michiel and Butterworth, Jon and Cooper-Sarkar,
                        Amanda and de Roeck, Albert and Feltesse, Joel and Forte, Stefano
                        and Glazov, Alexander and Huston, Joey and McNulty, Ronan and Sj{\"o}strand, Torb{\"o}rn
                        and Thorne, Robert S.",
      title          = "{The PDF4LHC Working Group Interim Recommendations}",
      year           = "2011",
      eprint         = "1101.0538",
      archivePrefix  = "arXiv",
      primaryClass   = "hep-ph",
      SLACcitation   = "%%CITATION = ARXIV:1101.0538;%%",
}

@unpublished{ArkaniHamed:2007fw,
      author         = "Arkani-Hamed, Nima and Schuster, Philip and Toro, Natalia
                        and Thaler, Jesse and Wang, Lian-Tao and Knuteson, Bruce and Mrenna, Stephen",
      title          = "{MARMOSET}: The Path from LHC Data to the New Standard
                        Model via On-Shell Effective Theories",
      year           = "2007",
      eprint         = "hep-ph/0703088",
      archivePrefix  = "arXiv",
      primaryClass   = "HEP-PH",
      reportNumber   = "FERMILAB-FN-0800-CD"
}

@article{Alwall:2008ag,
      author         = "Alwall, Johan and Schuster, Philip C. and Toro, Natalia",
      title          = "{Simplified models for a first characterization of new
                        physics at the LHC}",
      journal        = "Phys. Rev. D",
      volume         = "79",
      pages          = "075020",
      doi            = "10.1103/PhysRevD.79.075020",
      year           = "2009",
      eprint         = "0810.3921",
      archivePrefix  = "arXiv",
      primaryClass   = "hep-ph",
      reportNumber   = "SLAC-PUB-13425, SU-ITP-08-24"
}

@article{Alwall:2008va,
      author         = "Alwall, Johan and Le, My-Phuong and Lisanti, Mariangela
                        and Wacker, Jay G.",
      title          = "{Model independent jets plus missing energy searches}",
      journal        = "Phys. Rev. D",
      volume         = "79",
      pages          = "015005",
      doi            = "10.1103/PhysRevD.79.015005",
      year           = "2009",
      eprint         = "0809.3264",
      archivePrefix  = "arXiv",
      primaryClass   = "hep-ph",
      reportNumber   = "SLAC-PUB-13405"
}

@article{Alves:2011sq,
      author         = "Alves, Daniele S. M. and Izaguirre, Eder and Wacker, Jay
                        G.",
      title          = "Where the sidewalk ends: jets and missing energy search
                        strategies for the 7 {TeV LHC}",
      journal        = "JHEP",
      volume         = "10",
      pages          = "012",
      doi            = "10.1007/JHEP10(2011)012",
      year           = "2011",
      eprint         = "1102.5338",
      archivePrefix  = "arXiv",
      primaryClass   = "hep-ph",
      reportNumber   = "SLAC-PUB-14475"
}

@article{Alves:2011wf,
      author         = "Alves, Daniele and others",
      title          = "{Simplified models for LHC new physics searches}",
      collaboration  = "LHC New Physics Working Group",
      journal        = "J. Phys. G",
      volume         = "39",
      pages          = "105005",
      doi            = "10.1088/0954-3899/39/10/105005",
      year           = "2012",
      eprint         = "1105.2838",
      archivePrefix  = "arXiv",
      primaryClass   = "hep-ph",
      reportNumber   = "SLAC-PUB-15045"
}

@UNPUBLISHED{ATLAS-CONF-2013-089,
      collaboration  = "ATLAS",
      title         = "{Search for strongly produced supersymmetric particles in
                       decays with two leptons at $\sqrt{s} = 8$ TeV}",
      number        = "ATLAS-CONF-2013-089",
      year          = "2013"
}

@article{Martin:2007bv,
      author         = "Martin, A. D. and Stirling, W. J. and Thorne, R. S. and
                        Watt, G.",
      title          = "Update of parton distributions at {NNLO}",
      journal        = "Phys. Lett. B",
      volume         = "652",
      pages          = "292",
      doi            = "10.1016/j.physletb.2007.07.040",
      year           = "2007",
      eprint         = "0706.0459",
      archivePrefix  = "arXiv",
      primaryClass   = "hep-ph",
      reportNumber   = "IPPP-07-23, DCPT-07-46"
}

@article{Nadolsky:2008zw,
      author         = "Nadolsky, Pavel M. and Lai, Hung-Liang and Cao, Qing-Hong
                        and Huston, Joey and Pumplin, Jon and Stump, Daniel and Tung, Wu-Ki and Yuan, C.-P.",
      title          = "{Implications of CTEQ global analysis for collider
                        observables}",
      journal        = "Phys. Rev. D",
      volume         = "78",
      pages          = "013004",
      doi            = "10.1103/PhysRevD.78.013004",
      year           = "2008",
      eprint         = "0802.0007",
      archivePrefix  = "arXiv",
      primaryClass   = "hep-ph",
      reportNumber   = "MSUHEP-080125, UCRHEP-T447",
      SLACcitation   = "%%CITATION = ARXIV:0802.0007;%%",
}

@article{Chatrchyan:2013mxa,
      author         = "Chatrchyan, Serguei and others",
      title          = "{Measurement of the properties of a Higgs boson in the
                        four-lepton final state}",
      collaboration  = "CMS",
      journal        = "Phys. Rev. D",
      volume         = "89",
      pages          = "092007",
      doi            = "10.1103/PhysRevD.89.092007",
      year           = "2014",
      eprint         = "1312.5353",
      archivePrefix  = "arXiv",
      primaryClass   = "hep-ex",
      reportNumber   = "CMS-HIG-13-002, CERN-PH-EP-2013-220"
}

@article{Chatrchyan:2013iaa,
      author         = "Chatrchyan, Serguei and others",
      title          = "{Measurement of Higgs boson production and properties in
                        the WW decay channel with leptonic final states}",
      collaboration  = "CMS",
      journal        = "JHEP",
      volume         = "01",
      pages          = "096",
      doi            = "10.1007/JHEP01(2014)096",
      year           = "2014",
      eprint         = "1312.1129",
      archivePrefix  = "arXiv",
      primaryClass   = "hep-ex",
      reportNumber   = "CMS-HIG-13-023, CERN-PH-EP-2013-221"
}

@article{Chatrchyan:2014lfa,
      author         = "Chatrchyan, Serguei and others",
      title          = "{Search for new physics in the multijet and missing
                        transverse momentum final state in proton-proton
                        collisions at $\sqrt{s} = 8$ TeV}",
      collaboration  = "CMS",
      journal        = "JHEP",
      volume         = "06",
      pages          = "055",
      doi            = "10.1007/JHEP06(2014)055",
      year           = "2014",
      eprint         = "1402.4770",
      archivePrefix  = "arXiv",
      primaryClass   = "hep-ex",
      reportNumber   = "CMS-SUS-13-012, CERN-PH-EP-2014-015"
}

@article{Chatrchyan:2013iqa,
      author         = "Chatrchyan, Serguei and others",
      title          = "{Search for supersymmetry in pp collisions at
                        $\sqrt{s} = 8$ TeV in events with a single lepton, large jet
                        multiplicity, and multiple b jets}",
      collaboration  = "CMS",
      journal        = "Phys. Lett. B",
      volume         = "733",
      pages          = "328",
      doi            = "10.1016/j.physletb.2014.04.023",
      year           = "2014",
      eprint         = "1311.4937",
      archivePrefix  = "arXiv",
      primaryClass   = "hep-ex",
      reportNumber   = "CMS-SUS-13-007, CERN-PH-EP-2013-209"
}

@article{Chatrchyan:2013fea,
      author         = "Chatrchyan, Serguei and others",
      title          = "{Search for new physics in events with same-sign
                        dileptons and jets in pp collisions at $\sqrt{s} = 8$ TeV}",
      collaboration  = "CMS",
      journal        = "JHEP",
      volume         = "01",
      pages          = "163",
      doi            = "10.1007/JHEP01(2014)163",
      year           = "2014",
      eprint         = "1311.6736",
      archivePrefix  = "arXiv",
      reportNumber   = "CERN-PH-EP-2013-213"
}

@article{Aad:2013wta,
      author         = "Aad, Georges and others",
      title          = "{Search for new phenomena in final states with large jet
                        multiplicities and missing transverse momentum at
                        $\sqrt{s} = 8$ TeV proton-proton collisions using the ATLAS
                        experiment}",
      collaboration  = "ATLAS",
      journal        = "JHEP",
      volume         = "10",
      pages          = "130",
      doi            = "10.1007/JHEP10(2013)130",
      year           = "2013",
      eprint         = "1308.1841",
      archivePrefix  = "arXiv",
      primaryClass   = "hep-ex",
      reportNumber   = "CERN-PH-EP-2013-110"
}

@article{Aad:2014lra,
      author         = "Aad, Georges and others",
      title          = "{Search for strong production of supersymmetric particles
                        in final states with missing transverse momentum and at
                        least three $b$-jets at $\sqrt{s} = 8$ TeV proton-proton
                        collisions with the ATLAS detector}",
      collaboration  = "ATLAS",
      journal        = "JHEP",
      volume         = "10",
      pages          = "24",
      doi            = "10.1007/JHEP10(2014)024",
      year           = "2014",
      eprint         = "1407.0600",
      archivePrefix  = "arXiv",
      primaryClass   = "hep-ex",
      reportNumber   = "CERN-PH-EP-2014-110"
}

@article{Aad:2014pda,
      author         = "Aad, Georges and others",
      title          = "{Search for supersymmetry at $\sqrt{s} = 8$ TeV in final
                        states with jets and two same-sign leptons or three
                        leptons with the ATLAS detector}",
      collaboration  = "ATLAS",
      journal        = "JHEP",
      volume         = "06",
      pages          = "035",
      doi            = "10.1007/JHEP06(2014)035",
      year           = "2014",
      eprint         = "1404.2500",
      archivePrefix  = "arXiv",
      primaryClass   = "hep-ex",
      reportNumber   = "CERN-PH-EP-2014-044"
}

@article{Aad:2014bva,
      author         = "Aad, Georges and others",
      title          = "{Search for direct pair production of the top squark in
                        all-hadronic final states in proton-proton collisions at
                        $\sqrt{s} = 8$ TeV with the ATLAS detector}",
      collaboration  = "ATLAS",
      journal        = "JHEP",
      volume         = "09",
      pages          = "015",
      doi            = "10.1007/JHEP09(2014)015",
      year           = "2014",
      eprint         = "1406.1122",
      archivePrefix  = "arXiv",
      primaryClass   = "hep-ex",
      reportNumber   = "CERN-PH-EP-2014-112"
}

@article{Aad:2014qaa,
      author         = "Aad, Georges and others",
      title          = "{Search for direct top-squark pair production
                  in final states with two leptons in pp collisions at
                  $\sqrt{s} = 8$ TeV with the ATLAS detector}",
      collaboration  = "ATLAS",
      journal        = "JHEP",
      volume         = "06",
      pages          = "124",
      doi            = "10.1007/JHEP06(2014)124",
      year           = "2014",
      eprint         = "1403.4853",
      archivePrefix  = "arXiv",
      primaryClass   = "hep-ex",
      reportNumber   = "CERN-PH-EP-2014-014"
}

@Techreport{CMS:2013gfa,
      AUTHOR      = "{CMS Collaboration}",
      COLLABORATION = "{CMS}",
      title          = "{CMS Luminosity Based on Pixel Cluster Counting - Summer
                        2013 Update}",
      URL         = "https://cds.cern.ch/record/1598864",
      TYPE        = "CMS Physics Analysis Summary",
      NUMBER      = "CMS-PAS-LUM-13-001",
      YEAR        = "2013"
}

@article{Chatrchyan:2012lia,
      author         = "Chatrchyan, Serguei and others",
      title          = "Search for New Physics in the Multijet and Missing
                        Transverse Momentum Final State in Proton-Proton
                        Collisions at $\sqrt{s} = 7$ {TeV}",
      collaboration  = "CMS",
      journal        = "Phys. Rev. Lett.",
      volume         = "109",
      pages          = "171803",
      doi            = "10.1103/PhysRevLett.109.171803",
      year           = "2012",
      eprint         = "1207.1898",
      archivePrefix  = "arXiv",
      primaryClass   = "hep-ex",
      reportNumber   = "CMS-SUS-12-011, CERN-PH-EP-2012-184"
}

@article{Chatrchyan:2011tn,
      author         = "Chatrchyan, Serguei and others",
      title          = "{Missing transverse energy performance of the CMS
                        detector}",
      collaboration  = "CMS",
      journal        = "JINST",
      volume         = "6",
      pages          = "P09001",
      doi            = "10.1088/1748-0221/6/09/P09001",
      year           = "2011",
      eprint         = "1106.5048",
      archivePrefix  = "arXiv",
      primaryClass   = "physics.ins-det",
      reportNumber   = "CERN-PH-EP-2011-051, CMS-JME-10-009"
}

@Techreport{Khachatryan:2014gga,
      AUTHOR      = "{CMS Collaboration}",
      COLLABORATION = "{CMS}",
      title          = "{Performance of the missing transverse energy
                        reconstruction by the CMS experiment in $\sqrt{s}$ = 8 TeV
                        pp data}",
      URL         = "https://cds.cern.ch/record/1966665",
      TYPE        = "CMS Physics Analysis Summary",
      NUMBER      = "CMS-PAS-JME-13-003",
      YEAR        = "2013"
}

@article{Graesser:2012qy,
      author         = "Graesser, Michael L. and Shelton, Jessie",
      title          = "{Hunting Mixed Top Squark Decays}",
      journal        = "Phys. Rev. Lett.",
      volume         = "111",
      pages          = "121802",
      doi            = "10.1103/PhysRevLett.111.121802",
      year           = "2013",
      eprint         = "1212.4495",
      archivePrefix  = "arXiv",
      primaryClass   = "hep-ph",
      reportNumber   = "LA-UR-12-26897",
      SLACcitation   = "%%CITATION = ARXIV:1212.4495;%%",
}

@article{LHCMachine,
	Abstract = {The Large Hadron Collider (LHC) at CERN near Geneva is the world's newest and most powerful tool for Particle Physics research. It is designed to collide proton beams with a centre-of-mass energy of 14 TeV and an unprecedented luminosity of 10 34 cm −2 s −1 . It can also collide heavy (Pb) ions with an energy of 2.8 TeV per nucleon and a peak luminosity of 10 27 cm −2 s −1 . In this paper, the machine design is described.},
	Author = {Lyndon Evans and Philip Bryant},
	Journal = {Journal of Instrumentation},
	Number = {08},
	Pages = {S08001},
	Title = {LHC Machine},
	Url = {http://stacks.iop.org/1748-0221/3/i=08/a=S08001},
	Volume = {3},
	Year = {2008},
	Bdsk-Url-1 = {http://stacks.iop.org/1748-0221/3/i=08/a=S08001}
	}

@InProceedings{Blewett:1068131,
      author        = "Blewett, John Pauls",
      title         = "{200-GeV intersecting storage accelerators}",
      booktitle = "The 8th International Conference on High-Energy Accelerators",
      year          = "1971",
      url           = "http://lss.fnal.gov/conf/C710920/p501.pdf",
note = "http://lss.fnal.gov/conf/C710920/p501.pdf"
}
